@article{petrinetInspiration,
  title={Formal semantics and analysis of {BPMN} process models using {P}etri nets},
  author={Dijkman, Remco M and Dumas, Marlon and Ouyang, Chun},
  journal={Queensland University of Technology, Tech. Rep},
  year={2007}
}

@article{choreography,
  title={Design and Implementation of a {BPMN} to {PROMELA} Translator},
  author={Jim, Wenzhong Sun},
  year={2012}
}

@inproceedings{bpelToPromela,
  title={Translation pattern of {BPEL} process into {P}romela code},
  author={Nakashiro, Ryosuke and Kamei, Yasutaka and Ubayashi, Naoyasu and Nakajima, Shin and Iwai, Akihito},
  booktitle={Software Measurement, 2011 Joint Conference of the 21st Int'l Workshop on and 6th Int'l Conference on Software Process and Product Measurement (IWSM-MENSURA)},
  pages={285--290},
  year={2011},
  organization={IEEE}
}

@inproceedings{petrinetToPromela,
  title={Translating synchronous Petri Nets into {PROMELA} for verifying behavioural properties},
  author={Ribeiro, Oscar R and Fernandes, Joao M},
  booktitle={Industrial Embedded Systems, 2007. SIES'07. International Symposium on},
  pages={266--273},
  year={2007},
  organization={IEEE}
}

@misc{ BPMNSpecification,
author = "Object Management Group",
title = "BPMN 2.0",
year = "2011",
url = "http://www.omg.org/spec/BPMN/2.0/",
note = "[Online; accessed 16-April-2017]"
}

@misc{ promelaManual,
author = "",
title = "Basic {S}pin Manual",
year = "2007",
url = "http://spinroot.com/spin/Man/Manual.html",
note = "[Online; accessed 16-April-2017]"
}
